<?xml version="1.0" encoding="UTF-8"?>
<collection xmlns:xsi="http://www.w3.org/2001/XMLSchema-instance" xsi:schemaLocation="http://www.loc.gov/MARC21/slim http://www.loc.gov/standards/marcxml/schema/MARC21slim.xsd" xmlns="http://www.loc.gov/MARC21/slim">
<record>
  <leader>01116cam a2200265   4500</leader>
  <controlfield tag="001">2638229</controlfield>
  <controlfield tag="003">NNC</controlfield>
  <controlfield tag="005">20100224203411.0</controlfield>
  <controlfield tag="008">921218s1971    iq ch    b    000 0 arar </controlfield>
  <datafield tag="010" ind1=" " ind2=" ">
    <subfield code="a">   75297481 </subfield>
  </datafield>
  <datafield tag="035" ind1=" " ind2=" ">
    <subfield code="a">(OCoLC)191880646</subfield>
  </datafield>
  <datafield tag="035" ind1=" " ind2=" ">
    <subfield code="a">(OCoLC)ocn191880646</subfield>
  </datafield>
  <datafield tag="035" ind1=" " ind2=" ">
    <subfield code="9">AQY3677CU</subfield>
  </datafield>
  <datafield tag="035" ind1=" " ind2=" ">
    <subfield code="a">(NNC)2638229</subfield>
  </datafield>
  <datafield tag="040" ind1=" " ind2=" ">
    <subfield code="a">DLC</subfield>
    <subfield code="c">CUY</subfield>
    <subfield code="d">ZCU</subfield>
  </datafield>
  <datafield tag="050" ind1="0" ind2=" ">
    <subfield code="a">AC106</subfield>
    <subfield code="b">.F28</subfield>
  </datafield>
  <datafield tag="100" ind1="1" ind2=" ">
    <subfield code="a">Fahmī al-Mudarris,</subfield>
    <subfield code="d">1869-1944.</subfield>
  </datafield>
  <datafield tag="245" ind1="1" ind2="0">
    <subfield code="a">Maqālāt Fahmī al-Mudarris.</subfield>
    <subfield code="b">al-juzʾ al-thālith,</subfield>
    <subfield code="c">jamaʻahū wa-qaddama lahū wa-ʻallaqa ḥawāshiyahū ʻAbd al-Ḥamīd al-Rashūdī [wa-] Khālid Muḥsin Ismāʻīl.</subfield>
  </datafield>
  <datafield tag="260" ind1=" " ind2=" ">
    <subfield code="a">Baghdād</subfield>
    <subfield code="b">Maṭbaʻat Asʻad,</subfield>
    <subfield code="c">1970 [i.e. 1971]</subfield>
  </datafield>
  <datafield tag="300" ind1=" " ind2=" ">
    <subfield code="a">360 p.</subfield>
    <subfield code="b">facsims., port.</subfield>
    <subfield code="c">24 cm.</subfield>
  </datafield>
  <datafield tag="500" ind1=" " ind2=" ">
    <subfield code="a">Vols. 1 and 2 published in Baghdad, 1930-32, under title: Maqālāt siyāsīyah tārīkhīyah ijtimāʻiyah Cf. ʻAwwād K. Muʻjam al-muʾallifīn al-ʻIrāqiyīn, v. 2, 1969, p. 497.</subfield>
  </datafield>
  <datafield tag="504" ind1=" " ind2=" ">
    <subfield code="a">Includes bibliographical references.</subfield>
  </datafield>
  <datafield tag="700" ind1="1" ind2=" ">
    <subfield code="a">Rashūdī, ʻAbd al-Ḥamīd.</subfield>
  </datafield>
  <datafield tag="700" ind1="1" ind2=" ">
    <subfield code="a">Ismāʻīl, Khālid Muḥsin.</subfield>
  </datafield>
  <datafield tag="955" ind1=" " ind2=" ">
    <subfield code="b">0066472423</subfield>
    <subfield code="d">glx</subfield>
    <subfield code="e">AC106 .F28</subfield>
  </datafield>
</record>
</collection>